3144 4982
241 231 277 297 Vl
746 241 912 288 cntttltto.

243 411 341 494 catio,
373 410 567 500 diagnoseos
593 407 719 475 additae
740 409 830 496 jure,
860 409 929 474 sine
955 406 1016 474 alia
1040 427 1251 499 quacunque,
1283 410 1325 478 ab
1351 411 1421 478 aliis

245 514 435 591 auctoribus,
449 523 483 578 ut
496 510 622 590 assolet,
636 509 761 578 adnexa
774 509 971 597 paraphrasi,
986 519 1091 598 pateat
1104 520 1135 576 et
1149 511 1230 578 illico
1249 511 1419 582 illucescat.

321 614 509 708 systematis
526 615 621 694 ratio,
647 613 758 700 paucis
776 613 917 700 exceptis
935 613 1174 693 mutationibus,
1202 615 1315 682 eadem
1334 638 1420 684 nunc

244 724 277 788 in
300 717 490 807 «Speciebus
508 719 696 805 Alporam»,
723 732 783 778 nec
809 713 878 780 sinc
900 715 1029 794 timore,
1055 735 1153 806 quam
1180 716 1211 782 in
1230 718 1419 808 Plrycolopio

242 821 383 910 pencrali
406 820 508 886 fusius
526 818 693 907 professus
718 837 806 893 sum,
831 837 916 912 narro
933 838 1062 907 quaque
1086 817 1168 886 redit
1184 839 1324 911 eamque
1342 823 1419 889 scite

243 943 454 1013 perpensam,
483 940 588 1010 neque
606 917 676 986 aliis
693 917 846 998 obtrudo,
873 917 921 986 vel
941 921 1048 1006 potius
1070 921 1250 989 continuato
1269 925 1419 993 scrutinio

244 1037 276 1094 et
293 1025 426 1092 aliorum
444 1023 592 1090 solertiae
611 1042 629 1086 a
646 1019 754 1090 limine
771 1020 963 1088 commendo
981 1042 1019 1088 ac
1036 1044 1095 1110 pro
1112 1021 1221 1090 lubitu.
1254 1027 1299 1094 Sit
1312 1029 1419 1116 ponus

244 1130 391 1219 Systema
415 1145 524 1190 meum
548 1123 673 1190 interim
695 1121 737 1190 ad
761 1122 896 1190 aliorum
921 1123 1063 1192 subsidia
1081 1126 1315 1210 concinnatum,
1343 1151 1418 1218 per-

243 1232 333 1296 vicax
350 1236 457 1294 tamen
475 1236 506 1293 et
523 1225 644 1293 tamdiu
661 1227 849 1316 ingenuum,
868 1226 972 1293 donec
989 1247 1029 1293 ex
1047 1229 1115 1316 ejus
1133 1231 1264 1318 gremio,
1287 1243 1417 1319 postera

243 1333 350 1398 forsan
369 1338 487 1407 aetate,
514 1350 632 1396 novum
650 1339 681 1395 et
698 1329 803 1416 aptius
820 1327 1000 1396 diducatur!

321 1433 472 1520 Stirpium
496 1431 641 1498 notiones
666 1451 842 1520 carumque
865 1431 1031 1521 dignitates
1055 1431 1169 1500 iisdem
1189 1444 1349 1503 caeterum
1368 1439 1415 1504 in·

243 1537 384 1602 nituntur
409 1535 602 1624 argumentis
633 1541 665 1600 et
687 1531 883 1612 conditione,
915 1541 983 1600 tum
1009 1535 1040 1600 in
1066 1535 1255 1626 Plty'colopr'a
1279 1543 1420 1626 qeneroli

244 1639 292 1729 (p.
311 1631 408 1728 xm),
435 1647 501 1702 tum
520 1637 550 1701 in
569 1635 759 1725 Plrpcolopio
777 1638 959 1724 permodica
985 1637 1032 1730 (p.
1052 1635 1117 1726 33)
1144 1639 1295 1727 expositis
1313 1643 1418 1733 iisque

244 1739 366 1807 dudum
386 1739 453 1827 jam
477 1737 571 1804 veluti
594 1739 635 1805 ad
660 1738 807 1804 trutinam
832 1739 960 1804 vocatis.
1005 1741 1072 1806 Nec
1097 1739 1175 1808 alias
1199 1763 1284 1810 nuno
1307 1744 1338 1810 in
1355 1743 1418 1810 hoc

243 1863 344 1930 opere
362 1839 521 1929 profiteor.

322 1944 569 2012 Obsemationes
595 1943 845 2030 microsoopioac
871 1941 946 2010 olim
970 1952 1002 2010 et
1024 1965 1123 2024 nunc,
1147 1943 1231 2012 haud
1250 1947 1319 2013 sine
1336 1955 1416 2014 tam-

243 2048 330 2136 poris
348 2045 517 2134 dispendio
539 2045 579 2113 ad
607 2045 803 2137 singularum
829 2047 964 2134 partium
983 2046 1200 2116 dimensiones
1224 2049 1281 2116 rite
1299 2051 1416 2116 consti-

242 2149 377 2217 tuendas
395 2149 512 2230 iactae,
537 2167 622 2216 nunc
638 2147 725 2217 haud
750 2147 873 2238 ubique
897 2149 977 2217 inter
994 2169 1031 2216 se
1049 2170 1211 2241 congruae
1229 2147 1331 2230 visae,
1358 2152 1416 2217 ita-

243 2273 307 2343 que
324 2263 430 2320 tamen
457 2271 541 2318 nunc
567 2259 747 2329 sumantur,
774 2259 808 2316 ut
825 2271 925 2317 novas
952 2253 982 2317 in
1002 2251 1062 2318 hoc
1079 2273 1178 2342 opere
1200 2261 1230 2318 et
1248 2253 1415 2340 mstigatas

241 2355 436 2442 agnoverim.

318 2451 411 2518 Prela
429 2463 605 2529 caeterum,
629 2473 714 2519 anno
732 2459 868 2517 exeunte
886 2451 1007 2517 dudum
1021 2451 1089 2537 jam
1106 2452 1138 2516 iu
1156 2469 1256 2538 opere
1275 2449 1413 2520 liniendo

242 2553 447 2630 resudantia,
482 2553 675 2619 calamitates
704 2561 837 2641 patruae
867 2571 939 2616 cum
971 2551 1251 2619 disturbatiouibos
1280 2553 1415 2642 politicis

240 2655 496 2744 ingravescentes
513 2653 721 2732 retardarunt,
743 2673 803 2720 nec
819 2661 925 2718 tamen
943 2652 1051 2718 forsan
1069 2655 1138 2720 sine
1155 2653 1285 2722 foenore
1304 2667 1335 2722 ct
1352 2679 1413 2724 usu

240 2759 267 2822 J.
285 2757 441 2846 Apordlrii
456 2757 564 2846 operis
587 2759 753 2844 «Species,
776 2777 891 2844 penem
910 2765 938 2821 ct
955 2755 1079 2824 ordrircs
1098 2757 1349 2826 Fucoidccnrm»
1367 2761 1414 2827 in·

239 2861 330 2928 terim
350 2859 425 2926 mihi
443 2857 606 2927 commissi
625 2859 730 2924 etrite
749 2856 885 2924 adhibiti

316 2963 479 3030 Brevitatis
504 2963 617 3054 gratia,
643 2970 677 3028 ut
698 2981 770 3029 mos
791 2968 854 3036 est,
881 2958 979 3050 signis
1004 2959 1035 3026 in
1059 2957 1120 3028 hoc
1137 2981 1235 3050 opere
1260 2971 1291 3030 at
1307 2963 1414 3032 verbis

240 3065 356 3156 mutilis
374 3066 583 3156 sequentibus
601 3065 668 3132 tere
686 3085 765 3131 usus
784 3084 873 3130 sum:

547 3183 574 3224 c.
598 3183 628 3224 v.
650 3190 695 3215 =
716 3179 785 3222 cum
808 3161 931 3240 vagina.

545 3265 570 3306 a.
596 3267 623 3307 v.
648 3273 692 3298 =
713 3247 779 3307 sine
801 3247 925 3326 vagina.

544 3349 573 3390 v.
595 3347 620 3390 s.
646 3355 691 3382 =
712 3329 776 3392 ridi
798 3332 909 3392 siccam
932 3329 1109 3411 (speciem).

545 3432 574 3475 v.
598 3433 627 3473 v.
649 3441 693 3466 =
714 3413 777 3476 vidi
799 3416 902 3477 vivam
926 3415 1097 3495 (speciem).

543 3515 573 3558 n.
595 3517 624 3558 v.
646 3527 690 3550 =
711 3517 774 3561 non
797 3499 870 3561 vidi.

567 3577 606 3642 l'''
647 3611 691 3635 =
712 3583 793 3646 linea
814 3585 976 3664 parisiens.

569 3662 603 3724 l''
645 3693 690 3721 ει
711 3669 816 3749 pollex
839 3667 857 3728 l.
879 3669 980 3729 uncia.

567 3745 594 3808 l'
647 3777 691 3804 =
712 3771 778 3834 pes.

302 3853 437 3942 ¹Dabam
456 3873 658 3952 Nordltusae,
682 3873 711 3940 d.
734 3876 779 3940 ld.
799 3873 963 3945 novembr.
986 3875 1075 3941 tata.

1145 4079 1354 4160 AUCTOR.

1560 1547 1563 1594 l
