3102 4998
265 298 341 370 720
773 315 929 366 nososrn.

264 483 396 568 plicibus
417 481 557 565 turgidis,
578 479 729 562 ovalibus,
751 483 835 544 3-6
849 482 1057 564 punientibus,
1079 482 1148 546 bcsi
1168 486 1201 546 iu
1213 485 1355 566 stipitem
1371 483 1446 548 bre-

265 591 336 634 vem
358 569 532 632 connectis.
547 601 590 612 -
611 566 777 630 Dumontia
798 575 923 630 saccata
947 567 1039 631 Grec.
1057 601 1097 614 -·
1119 569 1304 651 ilaiymenia
1319 581 1444 633 nocam

264 657 317 737 Ap.
340 655 432 736 Spcc.
453 655 475 716 i.
497 673 529 734 p.
551 651 624 714 207.
657 683 696 696 -
733 652 832 716 Fncus
852 661 994 718 seccatcs
1021 655 1114 716 Turis.
1142 655 1216 718 Tab.
1233 657 1308 718 iii.
1331 657 1398 736 sig.
1414 655 1445 717 d.

264 743 400 804 sinistra.
418 773 457 785 -
478 738 654 800 Deiesseria
676 745 799 800 saccata
821 736 965 802 Lomour.
986 741 1055 802 Ess.
1076 759 1109 821 p.
1125 741 1176 802 38.
1193 773 1232 803 -.-
1255 741 1334 804 illva
1356 742 1445 821 giem

264 827 405 890 diiormis
430 822 521 986 Gmei).
548 823 624 886 iiist.
646 823 718 884 Fue.
740 843 772 906 p.
788 825 860 887 232.
887 857 931 872 -·-
967 825 1001 886 ia
1022 843 1140 887 oceano
1162 825 1293 907 peciiico
1315 833 1445 908 septen-

263 911 397 976 trionali.
420 911 458 988 (v.
481 927 506 971 s.

331 999 378 1074 i0)
400 1001 437 1056 Ι).
458 998 575 1054 clave.
603 995 684 1056 Post.
707 1004 739 1056 et
753 995 850 1076 liupr.
872 995 892 1056 i.
908 1015 935 1056 r.
950 1029 993 1041 -
1013 997 1049 1058 D.
1071 996 1202 1060 sacculis
1224 996 1445 1061 cisvseiormi-

263 1085 325 1148 bus
346 1081 505 1159 coriaceis,
528 1080 617 1142 siccis
634 1078 761 1142 sordide
783 1080 1035 1161 flavescentibus,
1058 1081 1264 1163 simplicibus,
1287 1084 1445 1164 2-3ρώ-

264 1168 422 1246 licaribus,
449 1164 553 1228 medio
576 1165 607 1228 in
629 1166 767 1246 stipitem
789 1164 967 1230 tubulosum
990 1168 1169 1248 angustatis.
1192 1201 1233 1212 ·-
1269 1169 1305 1230 in
1329 1167 1443 1231 eodem

263 1255 340 1318 loco.
362 1254 401 1331 (n.
424 1253 464 1329 v.)

330 1339 379 1417 ii)
400 1342 438 1397 u.
457 1340 560 1396 firma.
598 1338 677 1398 Post.
703 1345 735 1398 et
756 1338 853 1418 liupr.
875 1337 896 1398 i.
917 1357 943 1398 c.
967 1336 1042 1399 Tab.
1057 1339 1176 1400 XXXV.
1199 1339 1261 1420 Fig.
1276 1340 1311 1400 B.
1336 1371 1377 1384 -
1407 1341 1443 1400 D.

264 1425 396 1490 sacculis
417 1422 615 1506 pergamenis
637 1422 791 1502 violaceis,
813 1422 1019 1485 exsiccatione
1038 1423 1287 1486 luscesccntibus
1308 1424 1359 1486 vei
1375 1443 1443 1486 sor-

265 1511 339 1576 dide
360 1507 600 1584 virescentibus,
629 1505 838 1588 simplicibus,
866 1505 1026 1571 interdum
1048 1509 1194 1589 gregarie
1215 1509 1442 1572 vetustioribus

263 1595 484 1671 insidentibus,
506 1593 649 1672 collapsis
671 1603 703 1656 et
723 1593 983 1674 subccmpressis,
1005 1593 1358 1674 obovato-spetbuietis,
1383 1597 1441 1654 i-

266 1683 284 1743 3
303 1678 516 1760 polliceribus,
539 1677 609 1740 basi
631 1678 747 1740 sensim
769 1679 802 1740 in
823 1679 959 1761 stipitem
983 1679 1160 1742 attenuatis.
1185 1711 1223 1724 -
1247 1679 1327 1740 Cum
1349 1699 1444 1761 pree-

264 1765 457 1828 cedentibus.

371 1850 398 1930 β.
419 1854 458 1909 υ.
477 1852 647 1908 fluctuosa.
679 1851 760 1912 Post.
784 1858 816 1912 et
837 1849 935 1931 liupr.
957 1849 977 1912 i.
1003 1870 1029 1913 c.
1053 1883 1093 1896 -
1116 1850 1151 1910 D.
1174 1849 1307 1912 sacculis
1330 1848 1443 1911 adultis

306 1937 474 2017 proliieris3
503 1933 663 1998 sobolibus
685 1934 929 2016 sublineeribus,
958 1935 1127 2014 tubulosis,
1148 1933 1442 1996 chartaceo-mem-

305 2022 479 2099 branaceis,
501 2018 657 2082 interdum
680 2019 872 2100 dichotomis,
895 2022 984 2102 apice
1001 2019 1166 2083 fibriilosis.
1184 2053 1224 2066 -
1247 2019 1329 2082 Cum
1349 2037 1441 2101 prae-

305 2105 500 2170 cedentibus.

330 2194 378 2270 li)
400 2195 438 2250 n.
459 2193 612 2251 rosicole.
647 2193 729 2252 Post.
753 2199 786 2253 et
808 2193 904 2272 liupr.
926 2192 946 2254 l
968 2211 995 2254 o.
1022 2192 1096 2254 Tab.
1114 2191 1236 2254 XXXV.
1260 2191 1325 2272 sig.
1343 2188 1380 2250 A„
1403 2221 1439 2234 -

264 2279 299 2340 i).
316 2278 448 2340 sacculis
462 2275 719 2354 membranaceis,
740 2277 894 2354 violaceis,
915 2276 1118 2356 simplicibus,
1135 2275 1439 2354 oboveto-obiongis,

267 2364 348 2424 i—2
363 2359 572 2441 polliceribus,
594 2358 664 2422 basi
686 2361 718 2420 in
734 2360 871 2439 stipitem
886 2359 1016 2422 brevem
1037 2360 1182 2422 lineeiem
1204 2360 1385 2422 contractis.
1401 2389 1439 2402 -

263 2448 297 2508 ln
319 2450 400 2508 Fueo
423 2443 596 2506 vesicuioso
619 2443 660 2506 ed
681 2445 739 2506 ins.
762 2444 866 2507 Sitcha
888 2445 1063 2525 parasitica.
1086 2443 1126 2520 (n.
1148 2445 1189 2521 v.)

332 2532 379 2608 ts)
400 2533 437 2588 n.
458 2531 656 2601 decapitata.
685 2530 766 2590 Post.
790 2537 823 2590 et
836 2529 934 2609 liupr.
956 2529 977 2590 i.
993 2548 1019 2590 o.
1042 2527 1118 2591 Tab.
1134 2529 1255 2590 XXXV.
1277 2529 1345 2608 Fig.
1356 2529 1389 2590 E.
1402 2559 1438 2572 -

264 2617 300 2677 D.
316 2613 445 2676 sacculis
460 2613 718 2690 membranaceis,
740 2613 896 2693 violaceis,
919 2613 1121 2694 simplicibus,
1143 2613 1271 2694 oblique
1292 2614 1437 2688 cunmtis,

265 2701 352 2845 lli
363 2697 539 2846 liliis
561 2698 853 2862 ‘tlttlttlii
874 2695 1437 2846 tl⁰t³itetlti.t.iil“lt

289 2817 325 2830 ..
535 2829 542 2860 ‚
898 2816 937 2828 ..
1314 2829 1323 2843 ,
1349 2815 1388 2828 ..-

264 2868 454 2930 RhodomeIo
475 2869 580 2928 Larice
603 2867 644 2929 ad
666 2868 724 2928 ine.
746 2868 851 2930 Sitoba
871 2869 1046 2946 parasitica.
1070 2869 1110 2944 in.
1133 2868 1171 2944 v.)

331 2953 378 3030 tt)
400 2957 438 3012 1).
457 2955 626 3011 coronata.
661 2955 742 3014 Post.
766 2961 797 3015 et
818 2953 916 3032 liupr.
938 2953 958 3015 l.
978 2973 1004 3014 c.
1027 2951 1103 3014 Teb.
1119 2953 1239 3013 XXXV.
1262 2953 1328 3033 Fig.
1343 2953 1378 3012 D.
1399 2983 1436 2994 -

264 3039 299 3099 D.
321 3037 483 3100 sobolibus
504 3034 779 3115 bursaelormibus,
801 3035 982 3118 chartaceis,
1004 3037 1260 3116 biscescentibus,
1285 3035 1435 3098 3lineeli·

264 3122 334 3202 bus,
357 3121 509 3200 obovatis,
530 3121 655 3200 inilatis,
677 3123 766 3203 apice
789 3131 944 3186 contracto
961 3123 1043 3184 3-6
1055 3121 1184 3184 dentato
1199 3121 1350 3202 pertusis,
1371 3121 1434 3182 basi

264 3208 297 3269 in
318 3209 454 3288 stipitem
476 3205 621 3268 linealem
645 3208 821 3268 attenuatis.
843 3241 882 3251 -
905 3209 988 3268 inter
1010 3207 1096 3288 algas
1117 3207 1150 3268 in
1171 3225 1290 3268 oceano
1312 3205 1433 3286 pacifico

264 3293 378 3453 lemisli)
394 3291 437 3435 (b.
455 3292 672 3438 bdnasieosis.
700 3379 794 3440 lieni.
816 3379 859 3440 Fi.
883 3395 987 3440 canar.
1010 3377 1114 3460 Crypt
1138 3396 1169 3458 p.
1184 3377 1254 3438 t65.
1274 3407 1313 3422 -
1335 3377 1368 3436 ll.
1382 3374 1429 3434 sti·

263 3461 329 3540 pite
352 3459 533 3523 abbreviato
556 3461 701 3541 biiineaii,
721 3463 753 3523 in
774 3463 914 3525 sacculos
935 3462 1044 3543 piures
1059 3461 1163 3523 inflato
1183 3460 1367 3541 cylindricos
1380 3458 1427 3518 cb·

265 3551 390 3622 ovatos,
418 3545 501 3605 intus
523 3563 632 3622 cavos,
665 3547 822 3627 simplices
845 3557 899 3608 eut
920 3564 1025 3610 remos
1052 3547 1230 3609 conformes
1252 3545 1426 3614 emittentes,

266 3622 306 3686 9¹¹¹
327 3626 443 3707 longos.
467 3659 506 3672 -
528 3627 578 3691 Ad
601 3632 761 3694 canarias.
784 3632 824 3708 (n.
840 3633 879 3710 v.)

727 3765 848 3846 Species
871 3764 974 3828 dubia.

330 3883 377 3960 ts)
398 3886 436 3941 υ.
456 3885 642 3955 napechtnt.
677 3881 767 3944 Ecdi.
789 3917 833 3930 -
861 3885 896 3944 il.
919 3883 1052 3946 sacculis
1074 3885 1244 3964 elongatis,
1271 3879 1422 3945 latioribus.

266 3967 354 4047 apice
376 3967 495 4028 obtusis
517 3968 569 4027 vei
590 3967 727 4045 clavatis,
753 3987 816 4032 oon
838 3969 888 4032 vei
908 3988 1003 4049 perce
1026 3977 1057 4030 et
1078 3963 1420 4049 abbreviatoproitters.

265 4083 304 4096 -·
326 4051 428 4114 Fucus
451 4051 613 4112 tubulosus
634 4050 782 4132 Lepccbic
803 4054 823 4114 l.
839 4073 866 4116 o.
888 4053 964 4116 Tab.
977 4053 1027 4114 20.
1046 4087 1083 4098 -
1109 4055 1189 4116 Post.
1211 4063 1244 4118 et
1259 4054 1351 4132 liupr.
1371 4049 1420 4108 ic·

264 4151 295 4211 p.
314 4137 362 4197 i9.
386 4170 425 4182 -
448 4137 481 4196 in
503 4135 580 4198 mari
603 4135 682 4198 elbo.
707 4137 747 4213 (u.
770 4139 809 4214 v.)
