3144 4982
519 1063 910 1168 PRAEFATIO.

124 1369 368 1496 praeterlapsis
397 1407 465 1496 jam
501 1426 574 1474 eum
609 1406 783 1500 «algarum
818 1409 1021 1500 systemata»
1059 1430 1078 1475 a
1112 1411 1148 1478 cl.
1189 1411 1300 1480 Cereio

29 1491 56 1572 “J
126 1507 287 1598 Agerdlrio
308 1508 412 1586 edito,
438 1507 599 1578 decenniis
617 1509 746 1580 duobus
764 1518 796 1580 et
812 1509 957 1590 dimidio,
983 1521 1048 1578 tam
1066 1511 1230 1581 immensis
1247 1514 1299 1580 Al-

31 1592 60 1705 ,ὶῖ
127 1633 241 1702 garum
258 1611 393 1679 historia
410 1611 560 1679 naturalis
583 1612 753 1682 increbruit
769 1615 961 1704 augmentis,
985 1621 1020 1680 ut
1035 1611 1085 1680 bis
1108 1613 1204 1702 plane
1221 1635 1299 1704 prae

33 1713 40 1784 j
128 1715 264 1781 caeteris
288 1713 411 1781 eluceat
433 1713 573 1806 novique
604 1725 774 1804 proventus
801 1715 945 1805 stirpium
972 1735 1056 1782 nunc
1081 1715 1212 1786 demum
1241 1719 1299 1786 rite

38 1898 44 1914 Ι
128 1817 326 1907 cognitarum
344 1815 527 1883 ulteriorem
545 1819 817 1886 enumerationem
830 1819 965 1908 graviter
979 1838 1154 1907 exposcere
1170 1819 1299 1890 videan-

129 1929 187 1986 tur.
228 1920 284 1986 llis
302 1939 435 2010 quoque
453 1918 542 1997 mibi,
567 1920 618 1988 eui
635 1920 785 2011 bigarum
802 1920 940 2012 cognitio
963 1941 982 1986 a
1000 1921 1109 2008 primis
1127 1921 1222 1989 veluti
1239 1944 1298 1988 un-

48 2032 71 2102 ’ζ
128 2021 264 2114 guinulis
289 2021 321 2088 in
346 2019 464 2090 deliciis
489 2021 558 2102 luit,
590 2019 772 2104 desideriis,
803 2024 857 2112 pia
878 2021 1001 2092 dudum
1028 2023 1097 2112 jam
1121 2023 1301 2090 adriserunt

49 2169 74 2218 ‘.
129 2133 202 2192 vota
218 2133 388 2215 totumque
405 2126 541 2192 animum
567 2125 608 2194 ita
631 2125 756 2194 interim
772 2123 1000 2202 refocillarunt,
1024 2133 1059 2190 ut
1076 2126 1156 2190 meis
1174 2127 1299 2212 potissi-

43 2229 68 2304 ζ
129 2249 218 2294 nrum
235 2248 297 2318 per
320 2226 448 2294 totidem
466 2226 532 2294 lere
556 2248 660 2296 annos
677 2227 789 2296 studiis
812 2224 999 2298 continuatis
1017 2245 1114 2312 opus,
1140 2234 1205 2292 tum
1225 2246 1299 2314 spe-

46 2380 73 2415 „
129 2329 252 2396 ciorum
276 2329 471 2418 singularum
493 2329 681 2420 cognitioni,
706 2339 774 2396 tum
798 2330 978 2420 systematis
1002 2325 1102 2394 ordini
1122 2347 1299 2416 congruum

45 2417 71 2458 *³
130 2431 220 2500 etad
246 2431 360 2518 stirpes
378 2429 615 2520 distinguendas
633 2431 727 2500 veluti
744 2431 859 2502 sactum
879 2451 932 2500 me
950 2437 1080 2496 andere
1103 2429 1296 2498 exhibeatur.

206 2533 256 2600 nd
283 2533 495 2604 discutiendas
522 2535 629 2624 operis
656 2543 720 2602 tam
752 2533 843 2604 ardui
870 2531 1083 2610 difficultates,
1115 2532 1298 2603 deterritum

130 2628 352 2727 quadantenus
377 2636 518 2708 animum
542 2638 753 2708 reviruerunt
781 2657 948 2726 novasque
978 2635 1070 2726 quasi
1096 2635 1177 2702 vires
1209 2634 1298 2702 addi-

130 2737 245 2805 derunt
267 2737 401 2806 aliorum
418 2739 561 2808 virorum
585 2740 776 2828 sponsiones
801 2738 944 2827 privatim
967 2735 1123 2804 exhibitae
1140 2745 1172 2802 et
1189 2745 1298 2802 aucto-

131 2841 237 2908 ritates
261 2839 427 2909 classicae:
463 2844 491 2908 Ι.
516 2846 556 2910 D.
580 2843 719 2912 Hoolceri
746 2841 911 2922 nimirum,
943 2841 1098 2928 Heremo,
1128 2839 1298 2926 Berkeleyi,

131 2945 265 3034 Relssii,
294 2945 433 3021 Belaci,
456 2944 644 3038 Anglorum,
672 2945 704 3014 0.
728 2947 906 3032 Mentopnei
929 2963 1039 3030 porro,
1066 2941 1298 3015 Lonomnendr‘i,

132 3049 178 3114 De
196 3047 405 3124 Bre'bissenit',
422 3045 597 3128 Gallorum,
616 3051 742 3137 Poppei
757 3047 897 3136 denique
915 3043 1031 3132 patrui,
1052 3063 1136 3108 nunc
1152 3043 1297 3120 Alricani,

130 3151 246 3226 Lirrlrr'i
263 3150 397 3216 Biaderr'
412 3159 443 3216 et
458 3151 600 3229 Sonderi,
617 3149 860 3218 observatorum
877 3145 1066 3214 auctoritatis
1085 3145 1298 3234 gravissimae,

131 3251 233 3342 iisque
252 3261 283 3319 et
299 3251 368 3318 aliis
386 3251 521 3321 ducibus
544 3253 576 3319 in
594 3251 656 3320 boc
673 3273 773 3344 opere
796 3251 863 3320 suis
881 3249 960 3318 loeis
977 3246 1127 3328 laudatis,
1151 3245 1200 3314 vel
1218 3243 1299 3313 dilli-

129 3353 279 3420 cillimam
295 3364 417 3442 partem
435 3355 476 3422 de
493 3357 637 3444 stirpium
655 3355 824 3424 extorrium
842 3352 1022 3442 cognitione
1039 3357 1113 3430 rata,
1131 3347 1217 3418 bona
1235 3347 1299 3414 lide

131 3455 246 3552 reliqui
271 3477 447 3548 eorumque
473 3459 586 3548 partim
612 3456 901 3534 observationibus,
928 3454 1042 3543 partim
1065 3453 1145 3520 meis
1168 3452 1298 3528 innixus,

131 3558 265 3646 Species
282 3579 371 3626 meas
388 3559 537 3652 Algarum
557 3561 598 3629 ad
617 3560 736 3628 calcem
754 3559 885 3627 demum
904 3557 1044 3645 perduxi.

207 3661 264 3728 llis
295 3662 426 3752 quidem
458 3665 635 3731 amicorum
661 3659 858 3730 adminiculis
889 3667 920 3726 et
949 3659 1080 3748 proprio
1108 3665 1300 3725 sustentatus

130 3761 250 3842 studio,
275 3765 366 3851 operi
384 3787 457 3832 meo
475 3788 593 3834 nomen
612 3786 696 3833 nunc
713 3765 792 3832 dare
809 3760 951 3842 mallem,
973 3763 1004 3827 in
1023 3783 1088 3852 quo
1107 3779 1219 3827 omnes
1238 3756 1299 3820 soi-

130 3865 199 3932 lieet
216 3885 303 3932 nune
320 3869 448 3956 quidem
467 3877 562 3938 notae
579 3869 728 3958 rllgarum
747 3869 878 3956 stirpes,
906 3886 968 3932 non
986 3864 1090 3932 solum
1116 3861 1211 3927 titulis
1228 3855 1300 3920 fidis

130 3979 161 4034 et
176 3969 350 4058 Systemati
368 3974 518 4061 congruis
536 3981 774 4052 enumerentur,
793 3969 850 4036 sed
870 3989 1016 4058 quoque,
1036 3965 1142 4031 relicta
1160 3969 1190 4025 et
1208 3956 1302 4023 veluti

130 4070 295 4160 repudiata
316 4073 348 4140 G.
366 4073 522 4163 Agordlrr‘i
539 4075 704 4154 methodo,
728 4075 795 4142 suis
813 4071 955 4138 numeris
972 4067 1137 4135 absolutae
1154 4062 1302 4150 notisque

128 4183 161 4238 ut
178 4175 220 4240 ita
239 4175 355 4255 dicam,
374 4177 595 4246 essentialibus
613 4175 892 4268 recognoscendae
910 4170 1115 4238 traderentur.
1148 4165 1213 4230 Nee
1230 4163 1300 4253 qui-

128 4276 202 4344 dem
222 4277 302 4356 alio,
327 4279 379 4346 vel
397 4278 459 4347 boc
476 4281 675 4369 potissimum
695 4281 801 4348 animo
820 4277 972 4362 «Species
990 4270 1165 4358 atrorem»
1183 4286 1265 4332 nunc
1283 4285 1302 4330 c

128 4402 224 4448 manu
244 4381 349 4459 mitto,
374 4392 407 4448 nt
432 4384 468 4449 iis
487 4383 621 4452 ducibus
640 4383 752 4451 saltem
771 4379 950 4468 specierum
972 4370 1164 4464 singularum
1184 4366 1302 4460 signifi·-
